@article{doi:10.1002/asi.23552,
author = {Hamari, Juho and Sjöklint, Mimmi and Ukkonen, Antti},
title = {The sharing economy: Why people participate in collaborative consumption},
journal = {Journal of the Association for Information Science and Technology},
volume = {67},
number = {9},
pages = {2047-2059},
keywords = {electronic commerce, collaboration, resource sharing},
doi = {10.1002/asi.23552},
url = {https://onlinelibrary.wiley.com/doi/abs/10.1002/asi.23552},
eprint = {https://onlinelibrary.wiley.com/doi/pdf/10.1002/asi.23552},
year = {2016}
}

@book{heinrichs2012,
	title = {Sharing Economy: Auf dem Weg in eine neue Konsumkultur?},
	author = {Heinrichs, Harald and Grunenberg, Heiko},
	pages = {27},
	year = {2012},
	isbn = {978-3-942638-29-6},
	urn = {https://nbn-resolving.org/urn:nbn:de:0168-ssoar-427486},
}

@article{matzler2014,
	title = {Adapting to the Sharing Economy},
	author = {Matzler, Kurt and Veider, Viktoria and Kathan, Wolfgang},
	pages={},
	numpages = {10},
	year = {2014},
	journal = {MIT SLOAN Management Review},
	url={"https://s3.amazonaws.com/academia.edu.documents/46315247/Adapting_to_the_Sharing_Economy.pdf?AWSAccessKeyId=AKIAIWOWYYGZ2Y53UL3A&Expires=1550835859&Signature=cXgOb8Vj3TbNVj4lNm0fDS1cWnM%3D&response-content-disposition=inline%3B%20filename%3DAdapting_to_the_Sharing_Economy_Magazine.pdf"}

}

@TechReport{balck2015,
	author={Birte Balck and Daniel Cracau},
	title={{Empirical analysis of customer motives in the shareconomy: a cross-sectoral comparison}},
	year=2015,
	month=Feb,
	institution={Otto-von-Guericke University Magdeburg, Faculty of Economics and Management},
	type={FEMM Working Papers},
	url={https://ideas.repec.org/p/mag/wpaper/150002.html},
	number={150002},
	doi={},
}

@article{richter2015,
	author = {Richter, Chris and Kraus, Sascha and Syrjä, Pasi},
	year = {2015},
	month = {01},
	pages = {},
	title = {The shareconomy as a precursor for digital entrepreneurship business models},
	volume = {25},
	journal = {International Journal of Entrepreneurship and Small Business},
	doi = {10.1504/IJESB.2015.068773}
}

@article{Malhotra:2014:DSS:2684442.2668893,
	author = {Malhotra, Arvind and Van Alstyne, Marshall},
	title = {The Dark Side of the Sharing Economy \&Hellip; and How to Lighten It},
	journal = {Commun. ACM},
	issue_date = {November 2014},
	volume = {57},
	number = {11},
	month = oct,
	year = {2014},
	issn = {0001-0782},
	pages = {24--27},
	numpages = {4},
	url = {http://doi.acm.org/10.1145/2668893},
	doi = {10.1145/2668893},
	acmid = {2668893},
	publisher = {ACM},
	address = {New York, NY, USA},
}

@article{f53ffbc2f9bb4915a308e5cceb5ac963,
	title = "Sharing Economy: A Potential New Pathway to Sustainability",
	keywords = "Sustainability Science, Collaborative consumption, Inter- and transdisciplinarity, Sharing economy, Sustainability science, Sustainability transformation, Sustainable development, Law",
	author = "Harald Heinrichs",
	year = "2013",
	doi = "10.14512/gaia.22.4.5",
	language = "English",
	volume = "22",
	pages = "228--231",
	journal = "Gaia",
	issn = "0940-5550",
	publisher = "{\"O}kom-Verl",
	number = "4",
}

@misc{peer2017,
	howpublished="\url{https://www.peer-sharing.de/data/peersharing/user_upload/Dateien/Onlinegest%C3%BCtztes_Peer-to-Peer_Sharing_in_Deutschland_November_2017.pdf}",
	note="Abgerufen: 23.02.2019"
}

@techreport{Peitz2016Zwischen,
abstract = {Der vorliegende Beitrag gibt einen \"{U}berblick \"{u}ber die wesentlichen \"{o}konomischen Aspekte der so genannten Sharing-Economy. Bei den dort t\"{a}tigen Unternehmen handelt es sich zumeist um Plattformen, die direkte Transaktionen zwischen Akteuren mit dem Zweck einer tempor\"{a}ren Nutzung dauerhafter Konsumg\"{u}ter und damit verbundener Dienstleistungen vermitteln. Diese Sharing-Plattformen konnten vor allem aufgrund technologischer Entwicklungen entstehen, die die Transaktionskosten, wie z.B. aufgrund asymmetrischer Information \"{u}ber den Transaktionspartner, extrem reduziert haben. Dieses Informationsproblem adressieren Sharing-Plattformen ohne staatliche Regulierung mittels Rating- und Reputationssystemen. Die Sharing-Economy ist jedoch keineswegs eine "\"{O}konomie des Teilens", sondern auch in diesem Wirtschaftsbereich werden \"{o}konomische G\"{u}ter ge- und verkauft. Im vorliegenden Beitrag untersuchen die Autoren die kurz- und langfristigen allokativen Effekte der Sharing-Economy und diskutieren m\"{o}gliche Externalit\"{a}ten sowie ihre Auswirkungen auf soziale Beziehungen. Anschlie\ss{}end gehen die Autoren der Frage nach, wie eine \"{o}konomisch sinnvolle Regulierung von Sharing-Plattformen ausgestaltet sein sollte und welche Wettbewerbsprobleme sie verursachen k\"{o}nnten. Abschlie\ss{}end wird auf m\"{o}gliche Entwicklungen dieses neuen Wirtschaftsbereiches eingegangen.},
address = {Mannheim},
author = {Martin Peitz and Ulrich Schwalbe},
copyright = {http://www.econstor.eu/dspace/Nutzungsbedingungen},
keywords = {D23; K23; L14; L51; 330; Sharing-Economy; \"{O}konomie des Teilens; Plattformen; Airbnb; Uber; asymmetrische Information; externe Effekte; Reputationssysteme; Regulierung},
language = {ger},
note = {urn:nbn:de:bsz:180-madoc-409933},
number = {16-033},
publisher = {Zentrum f\"{u}r Europ\"{a}ische Wirtschaftsforschung (ZEW)},
title = {Zwischen Sozialromantik und Neoliberalismus: Zur \"{O}konomie der Sharing-Economy},
type = {ZEW Discussion Papers},
url = {http://hdl.handle.net/10419/130573},
year = {2016}
}